
@article{alexandraSHOULDHOBBESSTATE1992,
  title = {{{SHOULD HOBBES}}'{{S STATE OF NATURE BE REPRESENTED AS A PRISONER}}'{{S DILEMMA}}?},
  author = {Alexandra, Andrew},
  year = {1992},
  month = jun,
  volume = {30},
  pages = {1--16},
  issn = {00384283, 20416962},
  journal = {The Southern Journal of Philosophy},
  language = {en},
  number = {2}
}

@article{araujoInfinitelyManyStochastically2001,
  title = {Infinitely Many Stochastically Stable Attractors},
  author = {Ara{\'u}jo, V{\'i}tor},
  year = {2001},
  month = may,
  volume = {14},
  pages = {583--596},
  issn = {0951-7715, 1361-6544},
  journal = {Nonlinearity},
  number = {3}
}

@article{bartlettEvolutionaryTeleonomyUnifying2017,
  title = {Evolutionary {{Teleonomy}} as a {{Unifying Principle}} for the {{Extended Evolutionary Synthesis}}},
  author = {Bartlett, Jonathan},
  year = {2017},
  month = aug,
  volume = {2017},
  issn = {2151-7444},
  journal = {BIO-Complexity},
  number = {2}
}

@article{binnerExternalPressureAlliances2013,
  title = {External {{Pressure}} on {{Alliances}}: {{What Does}} the {{Prisoners}}' {{Dilemma Reveal}}?},
  shorttitle = {External {{Pressure}} on {{Alliances}}},
  author = {Binner, Jane and Fletcher, Leslie and Kolokoltsov, Vassili and Ciardiello, Francesco},
  year = {2013},
  month = dec,
  volume = {4},
  pages = {754--775},
  issn = {2073-4336},
  journal = {Games},
  language = {en},
  number = {4}
}

@article{bomzeLotkaVolterraEquationReplicator1983,
  title = {Lotka-{{Volterra}} Equation and Replicator Dynamics: {{A}} Two-Dimensional Classification},
  shorttitle = {Lotka-{{Volterra}} Equation and Replicator Dynamics},
  author = {Bomze, Immanuel M.},
  year = {1983},
  month = oct,
  volume = {48},
  pages = {201--211},
  issn = {0340-1200, 1432-0770},
  journal = {Biological Cybernetics},
  language = {en},
  number = {3}
}

@article{borgersLearningReinforcementReplicator1997a,
  title = {Learning {{Through Reinforcement}} and {{Replicator Dynamics}}},
  author = {B{\"o}rgers, Tilman and Sarin, Rajiv},
  year = {1997},
  month = nov,
  volume = {77},
  pages = {1--14},
  issn = {00220531},
  journal = {Journal of Economic Theory},
  language = {en},
  number = {1}
}

@article{cabralesStochasticReplicatorDynamics2000,
  title = {Stochastic {{Replicator Dynamics}}},
  author = {Cabrales, Antonio},
  year = {2000},
  month = may,
  volume = {41},
  pages = {451--481},
  issn = {0020-6598, 1468-2354},
  journal = {International Economic Review},
  language = {en},
  number = {2}
}

@article{cheungComparisonLearningReplicator1998,
  title = {A Comparison of Learning and Replicator Dynamics Using Experimental Data},
  author = {Cheung, Yin-Wong and Friedman, Daniel},
  year = {1998},
  month = apr,
  volume = {35},
  pages = {263--280},
  issn = {01672681},
  journal = {Journal of Economic Behavior \& Organization},
  language = {en},
  number = {3}
}

@incollection{cohenDynamicsEvolutionaryStable1997,
  title = {The {{Dynamics}} of {{Evolutionary Stable Strategies}}},
  booktitle = {Control and {{Chaos}}},
  author = {Cohen, Yosef and Vincent, Thomas L.},
  editor = {Judd, Kevin and Mees, Alistair and Teo, Kok Lay and Vincent, Thomas L.},
  year = {1997},
  pages = {278--303},
  publisher = {{Birkh\"auser Boston}},
  address = {{Boston, MA}},
  isbn = {978-1-4612-7540-4 978-1-4612-2446-4},
  language = {en}
}

@inbook{cressmanAsymmetricGames2003,
  title = {Asymmetric {{Games}}},
  booktitle = {Evolutionary {{Dynamics}} and {{Extensive Form Games}}},
  year = {2003},
  publisher = {{The MIT Press}},
  collaborator = {Cressman, Ross},
  isbn = {978-0-262-27097-7},
  language = {en}
}

@inbook{cressmanBimatrixGames2003,
  title = {Bimatrix {{Games}}},
  booktitle = {Evolutionary {{Dynamics}} and {{Extensive Form Games}}},
  year = {2003},
  publisher = {{The MIT Press}},
  collaborator = {Cressman, Ross},
  isbn = {978-0-262-27097-7},
  language = {en}
}

@book{cressmanEvolutionaryDynamicsExtensive2003,
  title = {Evolutionary Dynamics and Extensive Form Games},
  author = {Cressman, Ross},
  year = {2003},
  publisher = {{MIT Press}},
  address = {{Cambridge, Mass}},
  isbn = {978-0-262-03305-3},
  language = {en},
  lccn = {QA269 .C69 2003},
  number = {5},
  series = {Economic Learning and Social Evolution}
}

@inbook{cressmanExtensiveFormGames2003,
  title = {Extensive {{Form Games}}},
  booktitle = {Evolutionary {{Dynamics}} and {{Extensive Form Games}}},
  year = {2003},
  publisher = {{The MIT Press}},
  collaborator = {Cressman, Ross},
  isbn = {978-0-262-27097-7},
  language = {en}
}

@inbook{cressmanIntroduction2003,
  title = {Introduction},
  booktitle = {Evolutionary {{Dynamics}} and {{Extensive Form Games}}},
  year = {2003},
  publisher = {{The MIT Press}},
  collaborator = {Cressman, Ross},
  isbn = {978-0-262-27097-7},
  language = {en}
}

@inbook{cressmanPerfectInformationGames2003,
  title = {Perfect {{Information Games}}},
  booktitle = {Evolutionary {{Dynamics}} and {{Extensive Form Games}}},
  year = {2003},
  publisher = {{The MIT Press}},
  collaborator = {Cressman, Ross},
  isbn = {978-0-262-27097-7},
  language = {en}
}

@article{cressmanReplicatorEquationOther2014,
  title = {The Replicator Equation and Other Game Dynamics},
  author = {Cressman, R. and Tao, Y.},
  year = {2014},
  month = jul,
  volume = {111},
  pages = {10810--10817},
  issn = {0027-8424, 1091-6490},
  journal = {Proceedings of the National Academy of Sciences},
  language = {en},
  number = {Supplement\_3}
}

@inbook{cressmanSimultaneityGames2003,
  title = {Simultaneity {{Games}}},
  booktitle = {Evolutionary {{Dynamics}} and {{Extensive Form Games}}},
  year = {2003},
  publisher = {{The MIT Press}},
  collaborator = {Cressman, Ross},
  isbn = {978-0-262-27097-7},
  language = {en}
}

@inbook{cressmanSymmetricNormalForm2003,
  title = {Symmetric {{Normal Form Games}}},
  booktitle = {Evolutionary {{Dynamics}} and {{Extensive Form Games}}},
  year = {2003},
  publisher = {{The MIT Press}},
  collaborator = {Cressman, Ross},
  isbn = {978-0-262-27097-7},
  language = {en}
}

@article{dekelEvolutionOptimizingBehavior1992,
  title = {On the Evolution of Optimizing Behavior},
  author = {Dekel, Eddie and Scotchmer, Suzanne},
  year = {1992},
  month = aug,
  volume = {57},
  pages = {392--406},
  issn = {00220531},
  journal = {Journal of Economic Theory},
  language = {en},
  number = {2}
}

@article{doebeliCHAOSUNPREDICTABILITYEVOLUTION2014,
  title = {{{CHAOS AND UNPREDICTABILITY IN EVOLUTION}}: {{CHAOS AND UNPREDICTABILITY IN EVOLUTION}}},
  shorttitle = {{{CHAOS AND UNPREDICTABILITY IN EVOLUTION}}},
  author = {Doebeli, Michael and Ispolatov, Iaroslav},
  year = {2014},
  month = may,
  volume = {68},
  pages = {1365--1373},
  issn = {00143820},
  journal = {Evolution},
  language = {en},
  number = {5}
}

@inproceedings{drighesStabilityNashEquilibria2014,
  title = {Stability of {{Nash}} Equilibria in the Congestion Game under {{Replicator}} Dynamics},
  booktitle = {53rd {{IEEE Conference}} on {{Decision}} and {{Control}}},
  author = {Drighes, Benjamin and Krichene, Walid and Bayen, Alexandre},
  year = {2014},
  month = dec,
  pages = {1923--1929},
  publisher = {{IEEE}},
  address = {{Los Angeles, CA, USA}},
  isbn = {978-1-4673-6090-6 978-1-4799-7746-8 978-1-4799-7745-1}
}

@article{duEvolutionGlobalCooperation2018,
  title = {Evolution of {{Global Cooperation}} in {{Multi}}-{{Level Threshold Public Goods Games With Income Redistribution}}},
  author = {Du, Jinming and Wang, Baokui},
  year = {2018},
  month = jul,
  volume = {6},
  pages = {67},
  issn = {2296-424X},
  journal = {Frontiers in Physics}
}

@article{fosterStochasticEvolutionaryGame1990,
  title = {Stochastic Evolutionary Game Dynamics{${_\ast}$}},
  author = {Foster, Dean and Young, Peyton},
  year = {1990},
  month = oct,
  volume = {38},
  pages = {219--232},
  issn = {00405809},
  journal = {Theoretical Population Biology},
  language = {en},
  number = {2}
}

@article{friedmanEvolutionaryGamesEconomics1991,
  title = {Evolutionary {{Games}} in {{Economics}}},
  author = {Friedman, Daniel},
  year = {1991},
  month = may,
  volume = {59},
  pages = {637},
  issn = {00129682},
  journal = {Econometrica},
  language = {en},
  number = {3}
}

@book{gigerenzerBoundedRationalityAdaptive2002,
  title = {Bounded {{Rationality}}: {{The Adaptive Toolbox}}},
  shorttitle = {Bounded {{Rationality}}},
  editor = {Gigerenzer, Gerd and Selten, Reinhard},
  year = {2002},
  publisher = {{The MIT Press}},
  isbn = {978-0-262-27381-7},
  language = {en}
}

@article{ginsbergEvolutionCooperationPublic2018,
  title = {Evolution of {{Cooperation}} in {{Public Goods Games}} with {{Stochastic Opting}}-{{Out}}},
  author = {Ginsberg, Alexander and Fu, Feng},
  year = {2018},
  month = dec,
  volume = {10},
  pages = {1},
  issn = {2073-4336},
  journal = {Games},
  language = {en},
  number = {1}
}

@article{grenfellUnifyingEpidemiologicalEvolutionary2004,
  title = {Unifying the {{Epidemiological}} and {{Evolutionary Dynamics}} of {{Pathogens}}},
  author = {Grenfell, B. T.},
  year = {2004},
  month = jan,
  volume = {303},
  pages = {327--332},
  issn = {0036-8075, 1095-9203},
  journal = {Science},
  language = {en},
  number = {5656}
}

@article{hauertEFFECTSSPACEGAMES2002,
  title = {{{EFFECTS OF SPACE IN}} 2 \texttimes{} 2 {{GAMES}}},
  author = {Hauert, Ch.},
  year = {2002},
  month = jul,
  volume = {12},
  pages = {1531--1548},
  issn = {0218-1274, 1793-6551},
  journal = {International Journal of Bifurcation and Chaos},
  language = {en},
  number = {07}
}

@article{hauertEvolutionaryGamesPopulation2006,
  title = {Evolutionary Games and Population Dynamics: Maintenance of Cooperation in Public Goods Games},
  shorttitle = {Evolutionary Games and Population Dynamics},
  author = {Hauert, Christoph and Holmes, Miranda and Doebeli, Michael},
  year = {2006},
  month = oct,
  volume = {273},
  pages = {2565--2571},
  issn = {0962-8452, 1471-2954},
  journal = {Proceedings of the Royal Society B: Biological Sciences},
  language = {en},
  number = {1600}
}

@article{hilbeLocalReplicatorDynamics2011,
  title = {Local {{Replicator Dynamics}}: {{A Simple Link Between Deterministic}} and {{Stochastic Models}} of {{Evolutionary Game Theory}}},
  shorttitle = {Local {{Replicator Dynamics}}},
  author = {Hilbe, Christian},
  year = {2011},
  month = sep,
  volume = {73},
  pages = {2068--2087},
  issn = {0092-8240, 1522-9602},
  journal = {Bulletin of Mathematical Biology},
  language = {en},
  number = {9}
}

@article{hofbauerEvolutionaryGameDynamics2003,
  title = {Evolutionary Game Dynamics},
  author = {Hofbauer, Josef and Sigmund, Karl},
  year = {2003},
  volume = {40},
  pages = {41},
  journal = {Bulletin of the American mathematical society},
  language = {en},
  number = {4}
}

@book{hofbauerEvolutionaryGamesPopulation1998,
  title = {Evolutionary {{Games}} and {{Population Dynamics}}},
  author = {Hofbauer, Josef and Sigmund, Karl},
  year = {1998},
  month = may,
  edition = {First},
  publisher = {{Cambridge University Press}},
  isbn = {978-0-521-62365-0 978-0-521-62570-8 978-1-139-17317-9}
}

@article{hubermanEvolutionaryGamesComputer1993,
  title = {Evolutionary Games and Computer Simulations.},
  author = {Huberman, B. A. and Glance, N. S.},
  year = {1993},
  month = aug,
  volume = {90},
  pages = {7716--7718},
  issn = {0027-8424, 1091-6490},
  journal = {Proceedings of the National Academy of Sciences},
  language = {en},
  number = {16}
}

@article{hummertEvolutionaryGameTheory2014,
  title = {Evolutionary Game Theory: Cells as Players},
  shorttitle = {Evolutionary Game Theory},
  author = {Hummert, Sabine and Bohl, Katrin and Basanta, David and Deutsch, Andreas and Werner, Sarah and Thei{\ss}en, G{\"u}nter and Schroeter, Anja and Schuster, Stefan},
  year = {2014},
  volume = {10},
  pages = {3044--3065},
  issn = {1742-206X, 1742-2051},
  journal = {Mol. BioSyst.},
  language = {en},
  number = {12}
}

@article{imhofEvolutionaryGameDynamics2006,
  title = {Evolutionary Game Dynamics in a {{Wright}}-{{Fisher}} Process},
  author = {Imhof, Lorens A. and Nowak, Martin A.},
  year = {2006},
  volume = {52},
  pages = {667--681},
  publisher = {{Springer}},
  journal = {Journal of mathematical biology},
  number = {5}
}

@article{joostenDeterministicEvolutionaryDynamics1996,
  title = {Deterministic Evolutionary Dynamics: {{A}} Unifying Approach},
  shorttitle = {Deterministic Evolutionary Dynamics},
  author = {Joosten, Reinoud},
  year = {1996},
  month = sep,
  volume = {6},
  pages = {313--324},
  issn = {0936-9937, 1432-1386},
  journal = {Journal of Evolutionary Economics},
  language = {en},
  number = {3}
}

@article{karevaPrisonerDilemmaCancer2011,
  title = {Prisoner's {{Dilemma}} in {{Cancer Metabolism}}},
  author = {Kareva, Irina},
  editor = {{de Polavieja}, Gonzalo G.},
  year = {2011},
  month = dec,
  volume = {6},
  pages = {e28576},
  issn = {1932-6203},
  journal = {PLoS ONE},
  language = {en},
  number = {12}
}

@incollection{krishnaEvolutionGamesReplicator1997,
  title = {Evolution and {{Games}}: {{Replicator Dynamics}}},
  shorttitle = {Evolution and {{Games}}},
  booktitle = {Cooperation: {{Game}}-{{Theoretic Approaches}}},
  author = {Krishna, Vijay and Sj{\"o}str{\"o}m, Tomas},
  editor = {Hart, Sergiu and {Mas-Colell}, Andreu},
  year = {1997},
  pages = {275--285},
  publisher = {{Springer Berlin Heidelberg}},
  address = {{Berlin, Heidelberg}},
  isbn = {978-3-642-64413-9 978-3-642-60454-6},
  language = {en}
}

@incollection{langloisWhatEvolutionaryEconomics1994,
  title = {What {{Is Evolutionary Economics}}?},
  booktitle = {Evolutionary and {{Neo}}-{{Schumpeterian Approaches}} to {{Economics}}},
  author = {Langlois, Richard N. and Everett, Michael J.},
  editor = {Magnusson, Lars},
  year = {1994},
  volume = {36},
  pages = {11--47},
  publisher = {{Springer Netherlands}},
  address = {{Dordrecht}},
  isbn = {978-0-7923-9385-6},
  language = {en}
}

@incollection{magnussonNeoSchumpeterianEvolutionaryApproach1994,
  title = {The {{Neo}}-{{Schumpeterian}} and {{Evolutionary Approach}} to {{Economics}}\textemdash{{An Introduction}}},
  booktitle = {Evolutionary and {{Neo}}-{{Schumpeterian Approaches}} to {{Economics}}},
  author = {Magnusson, Lars},
  editor = {Magnusson, Lars},
  year = {1994},
  volume = {36},
  pages = {1--8},
  publisher = {{Springer Netherlands}},
  address = {{Dordrecht}},
  isbn = {978-0-7923-9385-6},
  language = {en}
}

@techreport{mirzaevEgtplotPythonPackage2018,
  title = {Egtplot: {{A Python Package}} for 3-{{Strategy Evolutionary Games}}},
  shorttitle = {Egtplot},
  author = {Mirzaev, Inom and Williamson, Drew FK and Scott, Jacob G},
  year = {2018},
  month = apr,
  institution = {{Evolutionary Biology}},
  language = {en},
  type = {Preprint}
}

@article{nachbarEvolutionarySelectionDynamics1990,
  title = {``{{Evolutionary}}'' Selection Dynamics in Games: {{Convergence}} and Limit Properties},
  shorttitle = {``{{Evolutionary}}'' Selection Dynamics in Games},
  author = {Nachbar, J. H.},
  year = {1990},
  month = mar,
  volume = {19},
  pages = {59--89},
  issn = {0020-7276, 1432-1270},
  journal = {International Journal of Game Theory},
  language = {en},
  number = {1}
}

@article{nowakChaosEvolutionCooperation1993,
  title = {Chaos and the Evolution of Cooperation.},
  author = {Nowak, M. and Sigmund, K.},
  year = {1993},
  month = jun,
  volume = {90},
  pages = {5091--5094},
  issn = {0027-8424, 1091-6490},
  journal = {Proceedings of the National Academy of Sciences},
  language = {en},
  number = {11}
}

@article{nowakEvolutionaryDynamicsBiological2004,
  title = {Evolutionary {{Dynamics}} of {{Biological Games}}},
  author = {Nowak, M. A.},
  year = {2004},
  month = feb,
  volume = {303},
  pages = {793--799},
  issn = {0036-8075, 1095-9203},
  journal = {Science},
  language = {en},
  number = {5659}
}

@article{nowakEvolutionaryGamesSpatial1992,
  title = {Evolutionary Games and Spatial Chaos},
  author = {Nowak, Martin A. and Robert M, May},
  year = {1992},
  volume = {359},
  pages = {826--829},
  journal = {Nature},
  number = {6398}
}

@article{ohtsukiReplicatorEquationGraphs2006,
  title = {The Replicator Equation on Graphs},
  author = {Ohtsuki, Hisashi and Nowak, Martin A.},
  year = {2006},
  month = nov,
  volume = {243},
  pages = {86--97},
  issn = {00225193},
  journal = {Journal of Theoretical Biology},
  language = {en},
  number = {1}
}

@article{orrFitnessItsRole2009,
  title = {Fitness and Its Role in Evolutionary Genetics},
  author = {Orr, H. Allen},
  year = {2009},
  month = aug,
  volume = {10},
  pages = {531--539},
  issn = {1471-0056, 1471-0064},
  journal = {Nature Reviews Genetics},
  language = {en},
  number = {8}
}

@article{pachecoEvolutionaryDynamicsCollective2009,
  title = {Evolutionary Dynamics of Collective Action in {{{\emph{N}}}} -Person Stag Hunt Dilemmas},
  author = {Pacheco, Jorge M and Santos, Francisco C and Souza, Max O and Skyrms, Brian},
  year = {2009},
  month = jan,
  volume = {276},
  pages = {315--321},
  issn = {0962-8452, 1471-2954},
  journal = {Proceedings of the Royal Society B: Biological Sciences},
  language = {en},
  number = {1655}
}

@article{pageUnifyingEvolutionaryDynamics2002,
  title = {Unifying {{Evolutionary Dynamics}}},
  author = {Page, Karen M. and Nowak, Martin A.},
  year = {2002},
  month = nov,
  volume = {219},
  pages = {93--98},
  issn = {00225193},
  journal = {Journal of Theoretical Biology},
  language = {en},
  number = {1}
}

@article{pageUnifyingEvolutionaryDynamics2002a,
  title = {Unifying {{Evolutionary Dynamics}}},
  author = {Page, K},
  year = {2002},
  month = nov,
  volume = {219},
  pages = {93--98},
  issn = {00225193},
  journal = {Journal of Theoretical Biology},
  number = {1}
}

@article{panditWeightFitnessDeviation2018,
  title = {Weight of Fitness Deviation Governs Strict Physical Chaos in Replicator Dynamics},
  author = {Pandit, Varun and Mukhopadhyay, Archan and Chakraborty, Sagar},
  year = {2018},
  month = mar,
  volume = {28},
  pages = {033104},
  issn = {1054-1500, 1089-7682},
  journal = {Chaos: An Interdisciplinary Journal of Nonlinear Science},
  language = {en},
  number = {3}
}

@article{poncelaEvolutionaryGameDynamics2009,
  title = {Evolutionary Game Dynamics in a Growing Structured Population},
  author = {Poncela, Julia and {G{\'o}mez-Garde{\~n}es}, Jes{\'u}s and Traulsen, Arne and Moreno, Yamir},
  year = {2009},
  volume = {11},
  pages = {083031},
  publisher = {{IOP Publishing}},
  journal = {New Journal of Physics},
  number = {8}
}

@incollection{ReplicatorDynamicsCombinatorial2011,
  title = {Replicator {{Dynamics}} in {{Combinatorial Optimization}}},
  booktitle = {{{SpringerReference}}},
  year = {2011},
  publisher = {{Springer-Verlag}},
  address = {{Berlin/Heidelberg}},
  language = {en}
}

@article{rocaEvolutionaryGameTheory2009,
  title = {Evolutionary Game Theory: {{Temporal}} and Spatial Effects beyond Replicator Dynamics},
  shorttitle = {Evolutionary Game Theory},
  author = {Roca, Carlos P. and Cuesta, Jos{\'e} A. and S{\'a}nchez, Angel},
  year = {2009},
  month = dec,
  volume = {6},
  pages = {208--249},
  issn = {15710645},
  journal = {Physics of Life Reviews},
  language = {en},
  number = {4}
}

@article{sandholmPairwiseComparisonDynamics2009,
  title = {Pairwise {{Comparison Dynamics}} and {{Evolutionary Foundations}} for {{Nash Equilibrium}}},
  author = {Sandholm, William},
  year = {2009},
  month = dec,
  volume = {1},
  pages = {3--17},
  issn = {2073-4336},
  journal = {Games},
  language = {en},
  number = {1}
}

@book{sandholmPopulationGamesEvolutionary2011,
  title = {Population Games and Evolutionary Dynamics},
  author = {Sandholm, William H.},
  year = {2011},
  publisher = {{MIT Press}},
  address = {{Cambridge, Mass}},
  isbn = {978-0-262-19587-4},
  language = {en},
  lccn = {HB144 .S27 2011},
  series = {Economic Learning and Social Evolution}
}

@article{satoChaosLearningSimple2002,
  title = {Chaos in Learning a Simple Two-Person Game},
  author = {Sato, Y. and Akiyama, E. and Farmer, J. D.},
  year = {2002},
  month = apr,
  volume = {99},
  pages = {4748--4751},
  issn = {0027-8424, 1091-6490},
  journal = {Proceedings of the National Academy of Sciences},
  language = {en},
  number = {7}
}

@article{satoCoupledReplicatorEquations2003,
  title = {Coupled Replicator Equations for the Dynamics of Learning in Multiagent Systems},
  author = {Sato, Yuzuru and Crutchfield, James P.},
  year = {2003},
  month = jan,
  volume = {67},
  pages = {015206},
  issn = {1063-651X, 1095-3787},
  journal = {Physical Review E},
  language = {en},
  number = {1}
}

@article{saviottiCompetitionVarietyTechnological1995,
  title = {Competition, Variety and Technological Evolution: {{A}} Replicator Dynamics Model},
  shorttitle = {Competition, Variety and Technological Evolution},
  author = {Saviotti, P. P. and Mani, G. S.},
  year = {1995},
  month = dec,
  volume = {5},
  pages = {369--392},
  issn = {0936-9937, 1432-1386},
  journal = {Journal of Evolutionary Economics},
  language = {en},
  number = {4}
}

@incollection{saviottiPresentDevelopmentTrends2018,
  title = {Present {{Development}} and {{Trends}} in {{Evolutionary Economics}}},
  booktitle = {Evolutionary {{Theories}} of {{Economic}} and {{Technological Change}}},
  author = {Saviotti, P.P. and Metcalfe, J.S.},
  editor = {Saviotti, P. Paolo and Metcalfe, J. Stanley},
  year = {2018},
  month = mar,
  edition = {First},
  pages = {1--30},
  publisher = {{Routledge}},
  isbn = {978-1-351-12770-7},
  language = {en}
}

@article{skyrmsChaosExplanatorySignificance1992,
  title = {Chaos and the {{Explanatory Significance}} of {{Equilibrium}}: {{Strange Attractors}} in {{Evolutionary Game Dynamics}}},
  shorttitle = {Chaos and the {{Explanatory Significance}} of {{Equilibrium}}},
  author = {Skyrms, Brian},
  year = {1992},
  month = jan,
  volume = {1992},
  pages = {374--394},
  issn = {0270-8647},
  journal = {PSA: Proceedings of the Biennial Meeting of the Philosophy of Science Association},
  language = {en},
  number = {2}
}

@book{skyrmsStagHuntEvolution2004,
  title = {The Stag Hunt and the Evolution of Social Structure},
  author = {Skyrms, Brian},
  year = {2004},
  publisher = {{Cambridge University Press}},
  address = {{Cambridge, UK ; New York}},
  isbn = {978-0-521-82651-8 978-0-521-53392-8},
  lccn = {HM706 .S54 2004}
}

@article{stadlerMOLECULARREPLICATORDYNAMICS2003,
  title = {{{MOLECULAR REPLICATOR DYNAMICS}}},
  author = {Stadler, B{\"a}rbel M. R. and Stadler, Peter F.},
  year = {2003},
  month = mar,
  volume = {06},
  pages = {47--77},
  issn = {0219-5259, 1793-6802},
  journal = {Advances in Complex Systems},
  language = {en},
  number = {01}
}

@article{swarupUnifyingEvolutionaryNetwork2007,
  title = {Unifying Evolutionary and Network Dynamics},
  author = {Swarup, Samarth and Gasser, Les},
  year = {2007},
  month = jun,
  volume = {75},
  pages = {066114},
  issn = {1539-3755, 1550-2376},
  journal = {Physical Review E},
  language = {en},
  number = {6}
}

@article{szaboEvolutionaryGamesGraphs2007,
  title = {Evolutionary Games on Graphs},
  author = {Szab{\'o}, Gy{\"o}rgy and F{\'a}th, G{\'a}bor},
  year = {2007},
  month = jul,
  volume = {446},
  pages = {97--216},
  issn = {03701573},
  journal = {Physics Reports},
  language = {en},
  number = {4-6}
}

@article{taylorEvolutionaryGameDynamics2004,
  title = {Evolutionary Game Dynamics in Finite Populations},
  author = {Taylor, Christine and Fudenberg, Drew and Sasaki, Akira and Nowak, Martin A.},
  year = {2004},
  volume = {66},
  pages = {1621--1644},
  publisher = {{Springer}},
  journal = {Bulletin of mathematical biology},
  number = {6}
}

@article{taylorEvolutionaryStableStrategies1978,
  title = {Evolutionary Stable Strategies and Game Dynamics},
  author = {Taylor, Peter D. and Jonker, Leo B.},
  year = {1978},
  month = jul,
  volume = {40},
  pages = {145--156},
  issn = {00255564},
  journal = {Mathematical Biosciences},
  language = {en},
  number = {1-2}
}

@article{traulsenExplorationDynamicsEvolutionary2009,
  title = {Exploration Dynamics in Evolutionary Games},
  author = {Traulsen, Arne and Hauert, Christoph and De Silva, Hannelore and Nowak, Martin A. and Sigmund, Karl},
  year = {2009},
  month = jan,
  volume = {106},
  pages = {709--712},
  issn = {0027-8424, 1091-6490},
  journal = {Proceedings of the National Academy of Sciences},
  language = {en},
  number = {3}
}

@article{traulsenPairwiseComparisonSelection2007,
  title = {Pairwise Comparison and Selection Temperature in Evolutionary Game Dynamics},
  author = {Traulsen, Arne and Pacheco, Jorge M. and Nowak, Martin A.},
  year = {2007},
  month = jun,
  volume = {246},
  pages = {522--529},
  issn = {00225193},
  journal = {Journal of Theoretical Biology},
  language = {en},
  number = {3}
}

@article{traulsenStochasticDynamicsInvasion2006,
  title = {Stochastic Dynamics of Invasion and Fixation},
  author = {Traulsen, Arne and Nowak, Martin A. and Pacheco, Jorge M.},
  year = {2006},
  month = jul,
  volume = {74},
  pages = {011909},
  issn = {1539-3755, 1550-2376},
  journal = {Physical Review E},
  language = {en},
  number = {1}
}

@article{traulsenStochasticEvolutionaryGame2009,
  title = {Stochastic Evolutionary Game Dynamics},
  author = {Traulsen, Arne and Hauert, Christoph},
  year = {2009},
  volume = {2},
  pages = {25--61},
  publisher = {{Wiley Online Library}},
  journal = {Reviews of nonlinear dynamics and complexity}
}

@article{turnerPrisonerDilemmaRNA1999,
  title = {Prisoner's Dilemma in an {{RNA}} Virus},
  author = {Turner, Paul E. and Chao, Lin},
  year = {1999},
  month = apr,
  volume = {398},
  pages = {441--443},
  issn = {0028-0836, 1476-4687},
  journal = {Nature},
  language = {en},
  number = {6726}
}

@incollection{tuylsExtendedReplicatorDynamics2003,
  title = {Extended {{Replicator Dynamics}} as a {{Key}} to {{Reinforcement Learning}} in {{Multi}}-Agent {{Systems}}},
  booktitle = {Machine {{Learning}}: {{ECML}} 2003},
  author = {Tuyls, Karl and Heytens, Dries and Nowe, Ann and Manderick, Bernard},
  editor = {Goos, Gerhard and Hartmanis, Juris and {van Leeuwen}, Jan and Lavra{\v c}, Nada and Gamberger, Dragan and Blockeel, Hendrik and Todorovski, Ljup{\v c}o},
  year = {2003},
  volume = {2837},
  pages = {421--431},
  publisher = {{Springer Berlin Heidelberg}},
  address = {{Berlin, Heidelberg}},
  isbn = {978-3-540-20121-2 978-3-540-39857-8}
}

@article{UnifyingBiologyEvolutionary1997,
  title = {Unifying Biology: The Evolutionary Synthesis and Evolutionary Biology},
  shorttitle = {Unifying Biology},
  year = {1997},
  month = may,
  volume = {34},
  pages = {34-5077-34-5077},
  issn = {0009-4978, 1523-8253},
  journal = {Choice Reviews Online},
  language = {en},
  number = {09}
}

@article{viloneChaosUnpredictabilityEvolutionary2011,
  title = {Chaos and {{Unpredictability}} in {{Evolutionary Dynamics}} in {{Discrete Time}}},
  author = {Vilone, Daniele and Robledo, Alberto and S{\'a}nchez, Angel},
  year = {2011},
  month = jul,
  volume = {107},
  pages = {038101},
  issn = {0031-9007, 1079-7114},
  journal = {Physical Review Letters},
  language = {en},
  number = {3}
}

@book{vincentEvolutionaryGameTheory2005,
  title = {Evolutionary {{Game Theory}}, {{Natural Selection}}, and {{Darwinian Dynamics}}},
  author = {Vincent, Thomas L. and Brown, Joel S.},
  year = {2005},
  month = may,
  edition = {First},
  publisher = {{Cambridge University Press}},
  isbn = {978-0-521-84170-2 978-0-511-54263-3 978-1-107-40651-3}
}

@article{wangEmergenceSocialCooperation2009,
  title = {Emergence of Social Cooperation in Threshold Public Goods Games with Collective Risk},
  author = {Wang, Jing and Fu, Feng and Wu, Te and Wang, Long},
  year = {2009},
  month = jul,
  volume = {80},
  pages = {016101},
  issn = {1539-3755, 1550-2376},
  journal = {Physical Review E},
  language = {en},
  number = {1}
}

@article{wardilCooperationPublicGoods2017,
  title = {Cooperation in {{Public Goods Games}}: {{Stay}}, {{But Not}} for {{Too Long}}},
  shorttitle = {Cooperation in {{Public Goods Games}}},
  author = {Wardil, Lucas and Amaral, Marco},
  year = {2017},
  month = aug,
  volume = {8},
  pages = {35},
  issn = {2073-4336},
  journal = {Games},
  language = {en},
  number = {3}
}

@article{westPrisonerDilemmaCancer2016,
  title = {The Prisoner's Dilemma as a Cancer Model},
  author = {West, Jeffrey and Hasnain, Zaki and Mason, Jeremy and Newton, Paul K},
  year = {2016},
  month = jul,
  volume = {2},
  pages = {035002},
  issn = {2057-1739},
  journal = {Convergent Science Physical Oncology},
  number = {3}
}

@book{wittRecentDevelopmentsEvolutionary2008,
  title = {Recent {{Developments}} in {{Evolutionary Economics}}},
  editor = {Witt, Ulrich},
  year = {2008},
  month = sep,
  publisher = {{Edward Elgar Publishing}},
  isbn = {978-1-84376-015-3}
}

@inproceedings{yazarEvolutionaryLearningReplicator2005,
  title = {Evolutionary Learning through Replicator Dynamics in Continuous Space Games},
  booktitle = {Defense and {{Security}}},
  author = {Yazar, Julide},
  editor = {Priddy, Kevin L.},
  year = {2005},
  month = mar,
  pages = {78},
  address = {{Orlando, Florida, USA}}
}

@misc{ZoteroYourPersonal,
  title = {Zotero | {{Your}} Personal Research Assistant},
  howpublished = {https://www.zotero.org/}
}


